%% This BibTeX bibliography file was created using BibDesk.
%% http://bibdesk.sourceforge.net/


%% Created for Marco Larrea Schiavon at 2014-12-16 19:02:07 -0600 


%% Saved with string encoding Unicode (UTF-8) 



@article{SModel-V,
	Author = {Kapulkin, Chris and Lumsdaine , Peter LeFanu and Voevodsky, Vladimir},
	Date-Added = {2014-11-28 19:11:22 +0000},
	Date-Modified = {2014-11-28 19:15:04 +0000},
	Journal = {arXiv preprint},
	Keywords = {Articles},
	Month = {Nov.},
	Title = {The Simplicial Model Of Univalent Foundations},
	Year = {2012}}

@misc{Voevodsky-F,
	Author = {Voevodsky, Vladimir},
	Date-Added = {2014-03-04 21:06:56 +0000},
	Date-Modified = {2014-03-04 21:08:10 +0000},
	Howpublished = {\url{http://video.ias.edu/node/68}},
	Keywords = {Url},
	Month = {Mar.},
	Title = {Foundations of Mathematics and Homotopy Theory},
	Year = {2006}}

@article{Awodey-U,
	Author = {Awodey, Steve and Pelayo, Alvaro and Warren, Michael A.},
	Date-Added = {2014-03-04 21:04:06 +0000},
	Date-Modified = {2014-04-29 21:18:47 +0000},
	Journal = {Notices of the AMS},
	Keywords = {Articles},
	Number = {9},
	Pages = {1164-1167},
	Title = {Univalence Axiom in Homotopy Type Theory},
	Volume = {60},
	Year = {2013}}

@book{hottbook,
	Address = {Institute for Advanced Study},
	Author = {The {Univalent Foundations Program}},
	Date-Added = {2014-02-23 18:23:59 +0000},
	Date-Modified = {2014-02-23 18:24:41 +0000},
	Keywords = {Books},
	Publisher = {\url{http://homotopytypetheory.org/book}},
	Title = {Homotopy Type Theory: Univalent Foundations of Mathematics},
	Year = 2013}

@article{Church-ST,
	Author = {Church, Alonzo},
	Date-Added = {2014-02-20 19:10:03 +0000},
	Date-Modified = {2014-02-20 19:11:08 +0000},
	Journal = {The Journal of Symbolic Logic},
	Keywords = {Articles},
	Month = {Jun.},
	Number = {2},
	Pages = {56-68},
	Title = {A Formulation of the Simple Theory of Types},
	Volume = {5},
	Year = {1940}}

@article{Martin-I,
	Author = {Martin-L\"of, Per},
	Date-Added = {2014-02-20 19:05:33 +0000},
	Date-Modified = {2014-02-20 19:06:27 +0000},
	Journal = {The Journal of Symbolic Logic},
	Keywords = {Articles},
	Month = {Mar.},
	Number = {1},
	Pages = {311-313},
	Title = {An Intuitionistic Theory of Types: Predicative Part},
	Volume = {49},
	Year = {1984}}

@incollection{Howard-C,
	Author = {W. A. Howard},
	Booktitle = {The Curry-Howard Isomorphism},
	Date-Added = {2014-02-20 18:55:36 +0000},
	Date-Modified = {2014-02-20 18:57:05 +0000},
	Keywords = {Articles},
	Publisher = {Academia},
	Title = {The Formu\ae-as-Types Notion of Construction},
	Year = {1995}}

@misc{groupoid,
	Author = {Schreiber, Urs},
	Date-Added = {2014-02-18 19:52:33 +0000},
	Date-Modified = {2014-02-18 19:53:41 +0000},
	Howpublished = {\url{http://ncatlab.org/nlab/show/infinity-groupoid}},
	Keywords = {Url},
	Title = {Infinity Groupoid},
	Year = {2013}}

@misc{lambda,
	Author = {Alama, Jesse},
	Date-Added = {2014-02-18 19:50:28 +0000},
	Date-Modified = {2014-02-18 19:52:08 +0000},
	Howpublished = {\url{http://plato.stanford.edu/archives/fall2013/entries/lambda-calculus/}},
	Keywords = {Url},
	Title = {The Lambda Calculus},
	Year = {2013}}

@misc{coq,
	Author = {Thierry Coquand},
	Date-Added = {2014-02-14 16:48:19 +0000},
	Date-Modified = {2014-02-14 17:30:25 +0000},
	Howpublished = {\url{coq.infra.fr}},
	Keywords = {Url},
	Title = {Coq},
	Year = {2013}}

@misc{agda,
	Author = {Ulf Norell},
	Date-Added = {2014-02-14 16:47:05 +0000},
	Date-Modified = {2014-02-14 17:30:19 +0000},
	Howpublished = {\url{wiki.portal.chalmers.se/agda/pmwiki.php}},
	Keywords = {Url},
	Title = {Agda},
	Year = {2013}}

@book{Curry-C,
	Author = {Curry, Haskell B and Feys, Robert},
	Date-Modified = {2014-02-20 18:48:23 +0000},
	Keywords = {Books},
	Publisher = {North-Holland, Amsterdam},
	Title = {Combinatory Logic, Studies in Logic and the Foundations of Mathematics},
	Volume = {1},
	Year = {1958}}
