%% This BibTeX bibliography file was created using BibDesk.
%% http://bibdesk.sourceforge.net/


%% Created for Octavio Zapata at 2014-11-28 10:53:05 +0000 


%% Saved with string encoding Unicode (UTF-8) 


@book{dep,
	Author = {V{\"a}{\"a}n{\"a}nen, J.},
	Date-Added = {2014-12-23 18:44:53 +0000},
	Date-Modified = {2014-12-23 18:44:53 +0000},
	Isbn = {9781139465151},
	Publisher = {Cambridge University Press},
	Series = {London Mathematical Society Student Texts},
	Title = {Dependence Logic: A New Approach to Independence Friendly Logic},
	Url = {https://books.google.com.mx/books?id=KSR5xkAXiQAC},
	Year = {2007},
	Bdsk-Url-1 = {https://books.google.com.mx/books?id=KSR5xkAXiQAC}}

@article{ams,
	Author = {Immerman, N.},
	Date-Added = {2014-12-23 18:44:53 +0000},
	Date-Modified = {2014-12-23 18:44:53 +0000},
	Journal = {Notices of the AMS},
	Year = {1995},
	Title = {Descriptive Complexity: a Logician's Approach to Computation}}

@book{models,
	Author = {V{\"a}{\"a}n{\"a}nen, J.},
	Date-Added = {2014-12-23 18:44:53 +0000},
	Date-Modified = {2014-12-23 18:44:53 +0000},
	Isbn = {9781139496339},
	Publisher = {Cambridge University Press},
	Series = {Cambridge Studies in Advanced Mathematics},
	Title = {Models and Games},
	Url = {http://books.google.com.mx/books?id=uDDDbkfZpIEC},
	Year = {2011},
	Bdsk-Url-1 = {http://books.google.com.mx/books?id=uDDDbkfZpIEC}}

@article{qip,
	Acmid = {2049704},
	Address = {New York, NY, USA},
	Articleno = {30},
	Author = {Jain, Rahul and Ji, Zhengfeng and Upadhyay, Sarvagya and Watrous, John},
	Date-Added = {2014-12-23 18:44:53 +0000},
	Date-Modified = {2014-12-23 18:44:53 +0000},
	Doi = {10.1145/2049697.2049704},
	Issn = {0004-5411},
	Issue_Date = {December 2011},
	Journal = {J. ACM},
	Keywords = {Interactive proof systems, matrix multiplicative weights update method, quantum computation, semidefinite programming},
	Month = dec,
	Number = {6},
	Numpages = {27},
	Pages = {30:1--30:27},
	Publisher = {ACM},
	Title = {QIP = PSPACE},
	Url = {http://doi.acm.org/10.1145/2049697.2049704},
	Volume = {58},
	Year = {2011},
	Bdsk-Url-1 = {http://doi.acm.org/10.1145/2049697.2049704},
	Bdsk-Url-2 = {http://dx.doi.org/10.1145/2049697.2049704}}


@book{Kitaev,
	Author = {Kitaev, A.Y. and Shen, A. and Vyalyi, M.N.},
	Date-Added = {2014-11-21 21:48:43 +0000},
	Date-Modified = {2014-11-21 21:48:54 +0000},
	Isbn = {9780821832295},
	Lccn = {2002016686},
	Publisher = {American Mathematical Society},
	Series = {Graduate studies in mathematics},
	Title = {Classical and Quantum Computation},
	Url = {http://books.google.co.uk/books?id=qYHTvHPvmG8C},
	Year = {2002},
	Bdsk-Url-1 = {http://books.google.co.uk/books?id=qYHTvHPvmG8C}}

@book{Libkin,
	Author = {Libkin, L.},
	Date-Added = {2014-11-19 11:48:51 +0000},
	Date-Modified = {2014-11-19 11:49:13 +0000},
	Isbn = {9783540212027},
	Lccn = {2004105855},
	Publisher = {Springer},
	Series = {Texts in Theoretical Computer Science. An EATCS Series},
	Title = {Elements of Finite Model Theory},
	Url = {http://books.google.co.uk/books?id=zsJlEK4nK7sC},
	Year = {2004},
	Bdsk-Url-1 = {http://books.google.co.uk/books?id=zsJlEK4nK7sC}}

@book{EbbinghausFlum,
	Author = {Ebbinghaus, H.D. and Flum, J.},
	Date-Added = {2014-11-19 11:48:42 +0000},
	Date-Modified = {2014-11-19 11:49:32 +0000},
	Isbn = {9783540657583},
	Lccn = {99039853},
	Publisher = {Springer},
	Series = {Perspectives in mathematical logic},
	Title = {Finite Model Theory},
	Url = {http://books.google.co.uk/books?id=-XK9UnnRl6gC},
	Year = {1999},
	Bdsk-Url-1 = {http://books.google.co.uk/books?id=-XK9UnnRl6gC}}

@inproceedings{Fagin74,
	Author = {Ronald Fagin},
	Booktitle = {Complexity of Computation},
	Date-Added = {2014-11-03 02:10:58 +0000},
	Date-Modified = {2014-11-03 02:14:07 +0000},
	Editor = {R. Karp},
	Journal = {SIAM--AMS Proceedings},
	Pages = {43--73},
	Title = {Generalized First-Order Spectra and Polynomial-Time Recognizable Sets},
	Volume = {7},
	Year = {1974}}

@article{Immerman86,
	Author = {Neil Immerman},
	Date-Modified = {2014-11-28 10:53:05 +0000},
	Journal = {Information and Control},
	Pages = {86--104},
	Title = {Relational Queries Computable in Polynomial Time},
	Volume = {68},
	Year = {1986}}
